<?xml version="1.0" encoding="UTF-8"?><record xmlns="http://www.loc.gov/MARC21/slim" xmlns:cinclude="http://apache.org/cocoon/include/1.0" xmlns:zs="http://www.loc.gov/zing/srw/">
  <leader>00386nz  a2200121n  4500</leader>
  <controlfield tag="001">n  89672189 </controlfield>
  <controlfield tag="003">DLC</controlfield>
  <controlfield tag="005">19891218123321.0</controlfield>
  <controlfield tag="008">891218n| acannaab|          |n aad |||  </controlfield>
  <datafield tag="010" ind1=" " ind2=" ">
    <subfield code="a">n  89672189 </subfield>
  </datafield>
  <datafield tag="040" ind1=" " ind2=" ">
    <subfield code="a">DLC</subfield>
    <subfield code="c">DLC</subfield>
  </datafield>
  <datafield tag="100" ind1="1" ind2="0">
    <subfield code="a">Momen, Nouri Moussa</subfield>
  </datafield>
  <datafield tag="670" ind1=" " ind2=" ">
    <subfield code="a">nuc89-106897: Author's Effect of cropping system on ... 1985</subfield>
    <subfield code="b">(hdg. on MiEM rept.: Momen, Nouri Moussa; usage: Nouri Moussa Momen)</subfield>
  </datafield>
</record>